<record><leader>00000cas a2200000 a 4500</leader><controlfield tag="001">9806187</controlfield><controlfield tag="008">830812d18971908ohudn ne      0   a0eng d</controlfield><controlfield tag="009">9</controlfield><datafield ind1=" " ind2=" " tag="010"><subfield code="a">sn 87076655 </subfield></datafield><datafield ind1=" " ind2=" " tag="040"><subfield code="a">BGU</subfield><subfield code="b">eng</subfield><subfield code="c">BGU</subfield><subfield code="d">ONP</subfield><subfield code="d">OCL</subfield></datafield><datafield ind1=" " ind2=" " tag="042"><subfield code="a">msc</subfield></datafield><datafield ind1=" " ind2=" " tag="043"><subfield code="a">n-us-oh</subfield></datafield><datafield ind1="0" ind2="4" tag="245"><subfield code="a">The Daily review-dispatch.</subfield></datafield><datafield ind1="1" ind2="0" tag="246"><subfield code="a">Daily review dispatch</subfield></datafield><datafield ind1=" " ind2=" " tag="260"><subfield code="a">Fostoria, Ohio :</subfield><subfield code="b">Review Print. Co.,</subfield><subfield code="c">1897-1908.</subfield></datafield><datafield ind1=" " ind2=" " tag="300"><subfield code="a">v. :</subfield><subfield code="b">ill. ;</subfield><subfield code="c">57 cm.</subfield></datafield><datafield ind1=" " ind2=" " tag="310"><subfield code="a">Daily (except Sun.)</subfield></datafield><datafield ind1="0" ind2=" " tag="362"><subfield code="a">April 19, 1897-Dec. 31, 1908.</subfield></datafield><datafield ind1=" " ind2=" " tag="752"><subfield code="a">United States</subfield><subfield code="b">Ohio</subfield><subfield code="c">Seneca</subfield><subfield code="d">Fostoria.</subfield></datafield><datafield ind1="0" ind2="4" tag="780"><subfield code="t">Fostoria daily dispatch</subfield><subfield code="w">(DLC)sn 87076654</subfield></datafield><datafield ind1="0" ind2="4" tag="780"><subfield code="t">Fostoria daily review (Fostoria, Ohio : 1892)</subfield></datafield><datafield ind1="0" ind2="0" tag="785"><subfield code="t">Fostoria daily review (Fostoria, Ohio : 1909)</subfield><subfield code="w">(DLC)sn 87076656</subfield></datafield></record>